<record><leader>00000cas a2200000 a 4500</leader><controlfield tag="001">30931001</controlfield><controlfield tag="008">940811c19uu9999iluwr ne      0   a0eng c</controlfield><datafield ind1=" " ind2=" " tag="010"><subfield code="a">sn 94054505 </subfield></datafield><datafield ind1=" " ind2=" " tag="040"><subfield code="a">NVF</subfield><subfield code="b">eng</subfield><subfield code="c">NVF</subfield><subfield code="d">CVF</subfield><subfield code="d">NVF</subfield><subfield code="d">OCLCQ</subfield><subfield code="d">OCLCF</subfield><subfield code="d">OCLCO</subfield></datafield><datafield ind1="1" ind2=" " tag="029"><subfield code="a">AU@</subfield><subfield code="b">000011230090</subfield></datafield><datafield ind1=" " ind2=" " tag="042"><subfield code="a">pcc</subfield></datafield><datafield ind1=" " ind2=" " tag="043"><subfield code="a">n-us-il</subfield></datafield><datafield ind1="0" ind2="0" tag="245"><subfield code="a">Villa Park Argus.</subfield></datafield><datafield ind1=" " ind2=" " tag="260"><subfield code="a">Villa Park, Ill. ;</subfield><subfield code="a">Elmhurst, Ill. ;</subfield><subfield code="a">Oak Brook, Ill. :</subfield><subfield code="b">[s.n.]</subfield></datafield><datafield ind1=" " ind2=" " tag="300"><subfield code="a">v.</subfield></datafield><datafield ind1=" " ind2=" " tag="310"><subfield code="a">Weekly,</subfield><subfield code="b">&lt;Nov. 7, 2008&gt;-</subfield></datafield><datafield ind1=" " ind2=" " tag="321"><subfield code="a">Weekly,</subfield><subfield code="b">&lt;Dec. 3, 1936&gt;-Jan. 24, 1974</subfield></datafield><datafield ind1=" " ind2=" " tag="321"><subfield code="a">Semiweekly,</subfield><subfield code="b">Jan. 30, 1974-&lt;June 16, 2000&gt;</subfield></datafield><datafield ind1=" " ind2=" " tag="500"><subfield code="a">Also published in Elmhurst, Ill.</subfield></datafield><datafield ind1=" " ind2=" " tag="500"><subfield code="a">Also published in Oak Brook, Ill.</subfield></datafield><datafield ind1=" " ind2=" " tag="588"><subfield code="a">Description based on: Vol. 13, no. 50 (Dec. 3, 1936).</subfield></datafield><datafield ind1=" " ind2="0" tag="651"><subfield code="a">Villa Park (Ill.)</subfield><subfield code="v">Newspapers.</subfield></datafield><datafield ind1=" " ind2="0" tag="651"><subfield code="a">Oak Brook (Ill.)</subfield><subfield code="v">Newspapers.</subfield></datafield><datafield ind1=" " ind2="0" tag="651"><subfield code="a">Oakbrook Terrace (Ill.)</subfield><subfield code="v">Newspapers.</subfield></datafield><datafield ind1=" " ind2="7" tag="655"><subfield code="a">Newspapers.</subfield><subfield code="2">fast</subfield><subfield code="0">(OCoLC)fst01423814</subfield></datafield><datafield ind1=" " ind2="7" tag="651"><subfield code="a">Illinois</subfield><subfield code="z">Oak Brook.</subfield><subfield code="2">fast</subfield><subfield code="0">(OCoLC)fst01204865</subfield></datafield><datafield ind1=" " ind2="7" tag="651"><subfield code="a">Illinois</subfield><subfield code="z">Oakbrook Terrace.</subfield><subfield code="2">fast</subfield><subfield code="0">(OCoLC)fst01300242</subfield></datafield><datafield ind1=" " ind2="7" tag="651"><subfield code="a">Illinois</subfield><subfield code="z">Villa Park.</subfield><subfield code="2">fast</subfield><subfield code="0">(OCoLC)fst01207266</subfield></datafield><datafield ind1=" " ind2=" " tag="752"><subfield code="a">United States</subfield><subfield code="b">Illinois</subfield><subfield code="c">DuPage</subfield><subfield code="d">Villa Park.</subfield></datafield><datafield ind1=" " ind2=" " tag="752"><subfield code="a">United States</subfield><subfield code="b">Illinois</subfield><subfield code="c">DuPage</subfield><subfield code="d">Elmhurst.</subfield></datafield><datafield ind1=" " ind2=" " tag="752"><subfield code="a">United States</subfield><subfield code="b">Illinois</subfield><subfield code="c">DuPage</subfield><subfield code="d">Oak Brook.</subfield></datafield><datafield ind1="0" ind2="5" tag="780"><subfield code="t">Oak Brook/Oakbrook Terrace press</subfield><subfield code="w">(DLC)  2009271136</subfield><subfield code="w">(OCoLC)496817237</subfield></datafield></record>